% qsr %
@article{freksa1991qsr,
    author = {Freksa, C.},
    journal = {Cognitive and Linguistic Aspects of Geographic Space},
    keywords = {reasoner, related-work},
    pages = {361--372},
    posted-at = {2009-02-16 20:21:21},
    priority = {0},
    publisher = {Springer},
    title = {{Qualitative Spatial Reasoning}},
    year = {1991}
}

@article{bhattSpatialComputing,
    author = {Bhatt, M. and Freksa, C.},
    journal = {SF International Workshop on Studying Visual and Spatial Reasoning for Design Creativity SDC'10},
    title = {{Spatial Computing for Design: An Artificial Intelligence Perspective}},
    year = {2010},
    location = {France}
}

% related works %

@article{IntelligentCritic,
 author = {Chun, Hon Wai and Ming-Kit Lai, Edmund},
 title = {Intelligent Critic System for Architectural Design},
 journal = {IEEE Trans. on Knowl. and Data Eng.},
 volume = {9},
 number = {4},
 year = {1997},
 issn = {1041-4347},
 pages = {625--639},
 doi = {http://dx.doi.org/10.1109/69.617054},
 publisher = {IEEE Educational Activities Department},
 address = {Piscataway, NJ, USA},
 }

@MISC{KoileTAC,
    author = {Kimberle Koile},
    title = {An Intelligent Assistant For Conceptual Design: Informed Search Using a Mapping of Abstract         Qualities to Physical Form},
    journal = {Design Computing and Cognition},
    year = {2004}
}

@article{BhattDH09,
 author = {Bhatt, Mehul and Dylla, Frank and Hois, J.},
 title = {Spatio-terminological inference for the design of ambient environments},
 journal = {Conference on Spatial Information Theory (COSIT'09)},
 year = {2009},
 pages = {371--391},
 publisher = {Springer-Verlag},
 }

@article{Pfefferkorn,
 author = {Pfefferkorn, Charles E.},
 title = {A heuristic problem solving design system for equipment or furniture layouts},
 journal = {Commun. ACM},
 volume = {18},
 number = {5},
 year = {1975},
 issn = {0001-0782},
 pages = {286--297},
 doi = {http://doi.acm.org/10.1145/360762.360817},
 publisher = {ACM},
 address = {New York, NY, USA},
 }

@article{Key,
 author = {Key, Sora},
 title = {A Computable Language of Architecture: Description of Descriptor Language in Supporting Compound Definitions},
 journal = {Design Tool Development eCAADe 27},
 year = {2009},
 publisher = {Education and Research in Computer Aided Architectural Design in Europe},
 }

@article{Calderon06,
 author = {Calderón C, Cavazza M and Diaz D},
 title = {CLP a technology for the interactive resolution of spatial configuration tasks in a virtual environment},
 journal = {Special Issue Architectural informatics},
 year = {2006},
 publisher = {ITcon},
 } 
 
@article{V-SIMS,
 author = {Jumphon Lertlakkhanakul and Mi~Yun Kim, and Jin~Won Choi},
 title = {V-placesims: A web-based simulation platform for managing spatial
  interaction in smart architecture},
 journal = {IBPSA},
 year = {2006},
 }

@article{SEEDS,
 author = {\"{O}mer Akin and Rana Sen and Magd Donia and Ye Zhang},
 title = {SEED-Pro: Computer-Assisted Architectural Programming in SEED},
 journal = {Journal of Architectural Engineering,},
 publisher = {ASCE},
 volume = {1},
 number = {4},
 year = {1995},
 } 

@article{Borrmann,
 author = {A. Borrman, J. Hyv\"{a}rinen and E. Rank},
 title = {Spatial constraints in collaborative design processes},
 journal = {Proc. of the Int. Conf. on Intelligent Computing in Engineering (ICE'09)},
 year = {2009},
 }
 
@article{ICADS,
title = "ICADS expert design advisor: an aid to reflective thinking",
journal = "Knowledge-Based Systems",
volume = "5",
number = "1",
pages = "41 - 54",
year = "1992",
note = "Artificial Intelligence in Design Conference 1991 Special Issue",
issn = "0950-7051",
doi = "DOI: 10.1016/0950-7051(92)90023-9",
url = "http://www.sciencedirect.com/science/article/B6V0P-47XSXC4-2J/2/e16c845d2cf754915c0cd858966309d5",
author = "L. Myers and J. Pohl",
}
 
@INPROCEEDINGS{Randell92aspatial,
    author = {David A. Randell and Zhan Cui and Anthony G. Cohn},
    title = {A Spatial Logic based on Regions and Connection},
    booktitle = {PROCEEDINGS 3RD INTERNATIONAL CONFERENCE ON KNOWLEDGE REPRESENTATION AND REASONING},
    year = {1992},
    publisher = {}
}
@MISC{Freksa92usingorientation,
    author = {Christian Freksa},
    title = {Using Orientation Information for Qualitative Spatial Reasoning},
    year = {1992}
} 
@inproceedings{Moratz,
 author = {Moratz, Reinhard},
 title = {Representing Relative Direction as a Binary Relation of Oriented Points},
 booktitle = {Proceeding of the 2006 conference on ECAI 2006},
 year = {2006},
 isbn = {1-58603-642-4},
 pages = {407--411},
 publisher = {IOS Press},
 address = {Amsterdam, The Netherlands, The Netherlands},
 }

@incollection {WallaceCLP,
   author = {Wallace, Mark},
   affiliation = {William Penney Laboratory, Imperial College IC-Parc London SW7 2AZ},
   title = {Constraint Logic Programming},
   booktitle = {Computational Logic: Logic Programming and Beyond},
   series = {Lecture Notes in Computer Science},
   editor = {Kakas, Antonis and Sadri, Fariba},
   publisher = {Springer Berlin / Heidelberg},
   pages = {35-64},
   volume = {2407},
   year = {2002}
}

@inproceedings{GavanelliCLP,
  author    = {Marco Gavanelli and
               Francesca Rossi},
  title     = {Constraint Logic Programming},
  booktitle = {25 Years GULP},
  year      = {2010},
  pages     = {64-86},
}

@article{CHR,
title = "Theory and practice of constraint handling rules",
journal = "The Journal of Logic Programming",
volume = "37",
number = "1-3",
pages = "95 - 138",
year = "1998",
note = "",
issn = "0743-1066",
doi = "DOI: 10.1016/S0743-1066(98)10005-5",
url = "http://www.sciencedirect.com/science/article/B6V0J-3VTB87X-4/2/7bed50d3bf24dffea89c2cf9574dd614",
author = "Thom Frühwirth"
}


@book{Sterling:1986,
  address = {Cambridge (MA)},
  author = {Leon Sterling and Ehud Shapiro},
  interhash = {da3799615a0ab69b57bf66ce3de47d5d},
  intrahash = {321eebc10b64430a02ec974bec126056},
  publisher = {MIT Press},
  title = {The Art of Prolog},
  year = 1986,
  keywords = {prolog},
  added-at = {2007-12-14T02:46:58.000+0100},
  biburl = {http://www.bibsonomy.org/bibtex/2321eebc10b64430a02ec974bec126056/diego_ma}
}

@article{Cohn:2001:QSR,
 author = {Cohn, A. G. and Hazarika, S. M.},
 title = {Qualitative Spatial Representation and Reasoning: An Overview},
 journal = {Fundam. Inf.},
 volume = {46},
 issue = {1-2},
 month = {January},
 year = {2001},
 issn = {0169-2968},
 pages = {1--29},
 numpages = {29},
 url = {http://portal.acm.org/citation.cfm?id=1219982.1219984},
 acmid = {1219984},
 publisher = {IOS Press},
 address = {Amsterdam, The Netherlands, The Netherlands},
 keywords = {Ontology, Qualitative Spatial Reasoning},
}
@inproceedings{Jaffar:1987:CLP,
 author = {Jaffar, J. and Lassez, J.-L.},
 title = {Constraint logic programming},
 booktitle = {Proceedings of the 14th ACM SIGACT-SIGPLAN symposium on Principles of programming languages},
 series = {POPL '87},
 year = {1987},
 isbn = {0-89791-215-2},
 location = {Munich, West Germany},
 pages = {111--119},
 numpages = {9},
 url = {http://doi.acm.org/10.1145/41625.41635},
 doi = {http://doi.acm.org/10.1145/41625.41635},
 acmid = {41635},
 publisher = {ACM},
 address = {New York, NY, USA},
}

